<?xml version="1.0" encoding="UTF-8"?><collection xmlns="http://www.loc.gov/MARC21/slim"><record><leader>00512nam--2200181-i-4500</leader><controlfield tag="001">000022457</controlfield><controlfield tag="002">20161230</controlfield><controlfield tag="005">20161230201034</controlfield><controlfield tag="008">060222s1000------------r-----000-0-eng-d</controlfield><datafield ind1=" " ind2=" " tag="040"><subfield code="a">IFIN-HH</subfield></datafield><datafield ind1=" " ind2=" " tag="080"><subfield code="a">801.323.2+809.56+802.0+800.935.62:62</subfield></datafield><datafield ind1="1" ind2=" " tag="110"><subfield code="a">War Department</subfield></datafield><datafield ind1="1" ind2="0" tag="245"><subfield code="a">Japanese-english technical terms dictionary</subfield></datafield><datafield ind1=" " ind2=" " tag="260"><subfield code="a">Washington</subfield><subfield code="b">War Department</subfield><subfield code="c">1946</subfield></datafield><datafield ind1=" " ind2=" " tag="300"><subfield code="a">1041P</subfield></datafield><datafield ind1=" " ind2=" " tag="490"><subfield code="a">War Department Technical Manual Tm 30-482</subfield></datafield><datafield ind1=" " ind2=" " tag="852"><subfield code="a">D.363</subfield><subfield code="c">SLCH</subfield></datafield><datafield ind1=" " ind2=" " tag="CAT"><subfield code="a">Sys</subfield><subfield code="c">20130228</subfield><subfield code="h">175410</subfield></datafield></record></collection>